<record><leader>00000cas a2200000 a 4500</leader><controlfield tag="001">1756818</controlfield><controlfield tag="008">751101d17841790maucr ne      0    0eng c</controlfield><datafield ind1=" " ind2=" " tag="010"><subfield code="a">sn 83021269 </subfield></datafield><datafield ind1=" " ind2=" " tag="040"><subfield code="a">MUL</subfield><subfield code="b">eng</subfield><subfield code="c">MUL</subfield><subfield code="d">NPX</subfield><subfield code="d">OCL</subfield><subfield code="d">NPY</subfield><subfield code="d">NPU</subfield><subfield code="d">DLC</subfield><subfield code="d">NJW</subfield><subfield code="d">KNP</subfield><subfield code="d">ANU</subfield><subfield code="d">MGN</subfield><subfield code="d">NVH</subfield><subfield code="d">KNP</subfield><subfield code="d">MGN</subfield><subfield code="d">HUL</subfield><subfield code="d">CNK</subfield><subfield code="d">NVK</subfield><subfield code="d">DCN</subfield><subfield code="d">OCL</subfield><subfield code="d">CVF</subfield><subfield code="d">OCL</subfield><subfield code="d">NYS</subfield><subfield code="d">NVF</subfield><subfield code="d">BOS</subfield><subfield code="d">KRTAS</subfield><subfield code="d">OCLCQ</subfield><subfield code="d">OCLCF</subfield><subfield code="d">OCLCO</subfield><subfield code="d">CUS</subfield></datafield><datafield ind1=" " ind2=" " tag="019"><subfield code="a">2263891</subfield></datafield><datafield ind1=" " ind2=" " tag="042"><subfield code="a">pcc</subfield></datafield><datafield ind1=" " ind2=" " tag="043"><subfield code="a">n-us-ma</subfield></datafield><datafield ind1="0" ind2="0" tag="050"><subfield code="a">Newspaper</subfield></datafield><datafield ind1="1" ind2="4" tag="050"><subfield code="a">PN4899.B5</subfield><subfield code="b">M3000</subfield></datafield><datafield ind1="0" ind2="4" tag="245"><subfield code="a">The Massachusetts centinel.</subfield></datafield><datafield ind1=" " ind2=" " tag="260"><subfield code="a">[Boston] Mass. :</subfield><subfield code="b">Warden &amp; Russell,</subfield><subfield code="c">1784-1790.</subfield></datafield><datafield ind1=" " ind2=" " tag="300"><subfield code="a">v.</subfield></datafield><datafield ind1=" " ind2=" " tag="310"><subfield code="a">Semiweekly</subfield></datafield><datafield ind1="0" ind2=" " tag="362"><subfield code="a">Vol. 2, no. 8 (Oct. 16, 1784)-v. 13, no. 26 (June 12, 1790).</subfield></datafield><datafield ind1=" " ind2=" " tag="500"><subfield code="a">Published by Benjamin Russell, Mar. 22, 1786-1790.</subfield></datafield><datafield ind1=" " ind2=" " tag="500"><subfield code="a">"Warden and Russel's" appears above the title in masthead, Oct. 20, 1784-Mar. 18, 1789.</subfield></datafield><datafield ind1=" " ind2=" " tag="515"><subfield code="a">Issues for Mar. 22-Apr. 1, 1786 called also no. 209-no. 212.</subfield></datafield><datafield ind1=" " ind2="0" tag="651"><subfield code="a">Boston (Mass.)</subfield><subfield code="v">Newspapers.</subfield></datafield><datafield ind1=" " ind2="0" tag="651"><subfield code="a">Suffolk County (Mass.)</subfield><subfield code="v">Newspapers.</subfield></datafield><datafield ind1=" " ind2="7" tag="651"><subfield code="a">Massachusetts</subfield><subfield code="z">Boston.</subfield><subfield code="2">fast</subfield><subfield code="0">(OCoLC)fst01205012</subfield></datafield><datafield ind1=" " ind2="7" tag="651"><subfield code="a">Massachusetts</subfield><subfield code="z">Suffolk County.</subfield><subfield code="2">fast</subfield><subfield code="0">(OCoLC)fst01206189</subfield></datafield><datafield ind1=" " ind2="7" tag="655"><subfield code="a">Newspapers.</subfield><subfield code="2">fast</subfield><subfield code="0">(OCoLC)fst01423814</subfield></datafield><datafield ind1=" " ind2=" " tag="752"><subfield code="a">United States</subfield><subfield code="b">Massachusetts</subfield><subfield code="c">Suffolk</subfield><subfield code="d">Boston.</subfield></datafield><datafield ind1="0" ind2="0" tag="780"><subfield code="t">Massachusetts centinel, and the Republican journal</subfield><subfield code="w">(DLC)sn 83021268</subfield><subfield code="w">(OCoLC)10063118</subfield></datafield><datafield ind1="0" ind2="0" tag="785"><subfield code="t">Columbian centinel (Boston, Mass. : 1790)</subfield><subfield code="w">(DLC)sn 83021270</subfield><subfield code="w">(OCoLC)1564265</subfield></datafield><datafield ind1="4" ind2="1" tag="856"><subfield code="3">02/23/1788 to 06/12/1790</subfield><subfield code="u">http://infoweb.newsbank.com/?db=EANX&amp;s_browseRef=decades/109E87A216CC1710/all.xml</subfield></datafield><datafield ind1=" " ind2=" " tag="938"><subfield code="a">Kirtas Technologies, Inc.</subfield><subfield code="b">KRTS</subfield><subfield code="n">733937</subfield></datafield></record>